@Book{newton1687philosophiae,
  Title                    = {Philosophiae naturalis principia mathematica},
  Author                   = {Newton, I.},
  Url                      = {https://goo.gl/1ahxL2},
  Year                     = {1687},
  Publisher                = {J. Societatis Regiae ac Typis J. Streater}
}

@Article{andreev1964,
  Title                    = {The Thermal Conductivity of the Intermediate State in Superconductors},
  Author                   = {Andreev, A. F.},
  Journal                  = {Soviet Physics JETP-USSR},
  Year                     = {1964},
  Number                   = {5},
  Pages                    = {1228--1231},
  Volume                   = {19},

  Citeulike-article-id     = {3728094},
  Posted-at                = {2008-11-29 19:04:14},
  Priority                 = {2},
  Url                      = {http://goo.gl/D50B1F}
}

@article{robertson1929,
  Title                    = {The Uncertainty Principle},
  Author                   = {Robertson, H. P.},
  Journal                  = {Phys. Rev.},
  Year                     = {1929},

  Month                    = Jul,
  Pages                    = {163--164},
  Volume                   = {34},

  Doi                      = {10.1103/PhysRev.34.163},
  Issue                    = {1},
  Numpages                 = {0},
  Publisher                = {American Physical Society},
  Url                      = {http://link.aps.org/doi/10.1103/PhysRev.34.163}
}



